@book{designpatterns,
    author    = "Erich Gamma, Richard Helm, Ralph Johnson, John Vlissides",
    title     = "Desgin Patterns: Elements of Reusable Object-Oriented Software",
    publisher = "Kiskapu Kft.",
    year      = "2004"
}

@book{javaconcurrencyinpractice,
    author    = "Brian Göetz, Tim Peierls, Joshua Bloch, Joseph Bowbeer, David Holmes, Doug Lea",
    title     = "Java Concurrency In Practice",
    publisher = "Addison Wesley Professional",
    year      = "2006"
}

@inproceedings{hall04osgi,
    title = {An {OSGi} implementation and experience report},
    author = {Richard S. Hall, Humberto Cervantes},
    booktitle = {Proceedings of the Consumer Communications and Networking Conference {(CCNC 2004)}},
    pages = {394 - 399},
    year = 2004
}

@article{towardosgi,    author = {Tao Gu, Hung Keng Pung, Da Qing Zhang},    title = {Toward an OSGi-Based Infrastructure for Context-Aware Applications},
    year = {2004},    journal ={IEEE Pervasive Computing},    volume = {3},    pages = {66-74}}

@article{hall_challenges_2004,
    author = "Richard S. Hall, Humberto Cervantes",
    title = "Challenges in building service-oriented applications for OSGi",
    year = "2004",
    journal = "Communications Magazine, IEEE",
    volume = "42",
    pages = "144 - 149"
}

% http://www.sciencedirect.com/science/journal/00043702
@article{aijournal,
    author  = "Eduard Hovy, Roberto Navigli, Simone Paolo Ponzetto",
    title   = "Artificial Intelligence, Wikipedia and Semi-Structured Resources",
    year    = "2013",
    journal = "Artificial Intelligence",
    volume  = "194",
    pages   = "1 - 252"
}

% http://www.osgi.org/download/r2/sp-r2.book.pdf
@article{osgi,
    author  = "OSGi Alliance",
    title   = "OSGi Service Platform Release 2",
    year    = "2001",
    journal = "OSGi Alliance Specifications",
    volume  = "",
    pages   = "1 - 288"
}

@article{osgiintro,
    author  = "Andre L. C. Tavares, Marco Tulio Valente",
    title   = "A Gentle Introduction to OSGi",
    year    = "2008",
    journal = "ACM SIGSOFT Software Engineering Notes",
    volume  = "33",
    pages   = "1 - 5"
}

@article{wikinet,
    author  = "Vivi Nastase, Michael Strube, Benjamin Borschinger, Cacilia Zirn, Anas Elghafari",
    title   = "WikiNet: A Very Large Scale Multi-Lingual Concept Network",
    year    = "2010",
    journal = "Proceedings of the Seventh International Conference on Language Resources and Evaluation (LREC'10)",
    volume  = "",
    pages   = "1 - 8"
}

@article{babelnet,
    author  = {Roberto Navigli, Simone Paolo Ponzetto},
    title   =   {{B}abel{N}et: {T}he Automatic Construction, Evaluation and Application of a Wide-Coverage Multilingual Semantic Network},
    journal = {Artificial Intelligence},
    year    =    {2012},
    volume  = {193},
    pages   = {217 - 250}
}

@article{jwpl,
    author  = {Torsten Zesch, Christof Müller, Iryna Gurevych},
    title   =   {Extracting Lexical Semantic Knowledge from Wikipedia and Wiktionary},
    journal = {Proceedings of the 6th International Conference on Language Resources and Evaluation},
    year    =    "2008",
    volume  = "",
    pages   = {1 - 7}
}

% http://suchanek.name/work/publications/www2011demo.pdf
@article{yago2,
    author  = "Johannes Hoffart, Fabian M. Suchanek, Klaus Berberich, Edwin Lewis-Kelham, Gerard de Melo, Gerhard Weikum",
    title   = "YAGO2: Exploring and Querying World Knowledge in Time, Space, Context, and Many Languages",
    year    = "2011",
    journal = "Proceeding WWW '11 Proceedings of the 20th international conference companion on World wide web",
    volume  = "",
    pages   = "229 - 232"
}

@article{sciborg,
    author  = "Ann Copestake, Peter Corbett, Peter Murray-Rust, CJ Rupp,
Advaith Siddharthan, Simone Teufel, Ben Waldron",
    title   = "An Architecture for Language Processing for Scientific
Texts",
    year    = "2006",
    journal = "In Proceedings of the 4th UK E-Science All Hands Meeting",
    volume  = "1",
    pages   = "1 - 8"
}

@misc{bndtools,
  author       = {Neil Bartlett},
  title        = {{Bndtools Tutorial}},
  howpublished = "\url{http://bndtools.org/tutorial.html}",
  year         = {2011}, 
  note         = "[Online; hozzáférés 2013.04.25]"
}

@misc{apachefelix,
  author       = {Richard S. Hall},
  title        = {{Apache Felix OSGi Tutorial}},
  howpublished = "\url{http://felix.apache.org/site/apache-felix-osgi-tutorial.html}",
  year         = {2011}, 
  note         = "[Online; hozzáférés 2013.09.25]"
}

@misc{sztakipediaparser,
  author       = {Oláh Tibor, Héder Mihály, Solt Illés, Farkas Tamás},
  title        = {{Sztakipédia Parser}},
  howpublished = "\url{https://code.google.com/p/sztakipedia-parser/}",
  year         = {2012}, 
  note         = "[Online; hozzáférés 2013.11.11]"
}

@misc{pircbot,
  author       = {Paul Mutton},
  title        = {{PircBot Java IRC Bot}},
  howpublished = "\url{http://www.jibble.org/pircbot.php}",
  year         = {2013}, 
  note         = "[Online; hozzáférés 2013.11.11]"
}

@misc{pircbotx,
  author       = {Leon Blakey},
  title        = {{PircBotX Java IRC Bot}},
  howpublished = "\url{https://code.google.com/p/pircbotx/}",
  year         = {2013}, 
  note         = "[Online; hozzáférés 2013.11.11]"
}

@misc{h2db,
  author       = {H2 Database Engine},
  title        = {{H2 Database Engine}},
  howpublished = "\url{http://www.h2database.com/}",
  year         = {2013}, 
  note         = "[Online; hozzáférés 2013.11.12]"
}